<?xml version="1.0" encoding="UTF-8"?><collection xmlns="http://www.loc.gov/MARC21/slim"><record><leader>00700nam--2200193-u-4500</leader><controlfield tag="001">000054460</controlfield><controlfield tag="002">20161230</controlfield><controlfield tag="005">20170116141248</controlfield><controlfield tag="008">111213s1000------------r-----000-0-eng-d</controlfield><datafield ind1=" " ind2=" " tag="020"><subfield code="a">9780735408593</subfield></datafield><datafield ind1=" " ind2=" " tag="040"><subfield code="a">IFIN-HH</subfield></datafield><datafield ind1="1" ind2=" " tag="100"><subfield code="a">Trache, L</subfield></datafield><datafield ind1="1" ind2="0" tag="245"><subfield code="a">Exotic Nuclei and Nuclear/Particle Astrophysics (iii) From Nuclei to Stars</subfield><subfield code="b">Proceedings of the Carpathian Summer School of Physics 2010, Sinaia, Romania 20 June-3 July 2010</subfield><subfield code="c">L. Trache, S. Stoica, A. Smirnov (eds.)</subfield></datafield><datafield ind1=" " ind2=" " tag="260"><subfield code="a">Melville, New York</subfield><subfield code="b">American Institute Od Physics</subfield><subfield code="c">2010</subfield></datafield><datafield ind1=" " ind2=" " tag="300"><subfield code="a">509p</subfield></datafield><datafield ind1=" " ind2=" " tag="490"><subfield code="a">AIP Conference Proceedings</subfield><subfield code="v">No.1304</subfield></datafield><datafield ind1="1" ind2=" " tag="700"><subfield code="a">Smirnov, A</subfield><subfield code="e">Ed</subfield></datafield><datafield ind1=" " ind2=" " tag="852"><subfield code="a">82235</subfield><subfield code="c">523</subfield></datafield><datafield ind1=" " ind2=" " tag="CAT"><subfield code="a">SYS</subfield><subfield code="c">20170116</subfield><subfield code="h">141248</subfield></datafield></record></collection>